<record><leader>00000cas a2200000 a 4500</leader><controlfield tag="001">726168697</controlfield><controlfield tag="008">110520d19uu1984cauwr ne      0    0eng c</controlfield><datafield ind1=" " ind2=" " tag="010"><subfield code="a">sn2011271176</subfield></datafield><datafield ind1=" " ind2=" " tag="040"><subfield code="a">CNK</subfield><subfield code="b">eng</subfield><subfield code="c">CNK</subfield><subfield code="d">OCLCQ</subfield><subfield code="d">OCLCF</subfield><subfield code="d">OCLCO</subfield></datafield><datafield ind1=" " ind2=" " tag="042"><subfield code="a">pcc</subfield></datafield><datafield ind1=" " ind2=" " tag="043"><subfield code="a">n-us-ca</subfield></datafield><datafield ind1="0" ind2=" " tag="130"><subfield code="a">Tolucan (Toluca Lake, Calif.)</subfield></datafield><datafield ind1="1" ind2="4" tag="245"><subfield code="a">The Tolucan.</subfield></datafield><datafield ind1="3" ind2="0" tag="246"><subfield code="a">Tolucan and the Magnolian/the valley scene</subfield></datafield><datafield ind1=" " ind2=" " tag="260"><subfield code="a">Toluca Lake, Calif. :</subfield><subfield code="b">[s.n.]</subfield></datafield><datafield ind1=" " ind2=" " tag="300"><subfield code="a">v.</subfield></datafield><datafield ind1=" " ind2=" " tag="310"><subfield code="a">Weekly</subfield></datafield><datafield ind1="0" ind2=" " tag="362"><subfield code="a">-v. 46, no. 17 (June 27, 1984).</subfield></datafield><datafield ind1=" " ind2=" " tag="500"><subfield code="a">"And the Magnolian/The Valley Scene" often appears in very small print below "Tolucan."</subfield></datafield><datafield ind1=" " ind2=" " tag="530"><subfield code="a">Master negatives are available for duplication from:</subfield><subfield code="b">California Newspaper Microfilm Archive;</subfield><subfield code="c">positive copies may be purchased by the reel; for further information consult the CNMA at:</subfield><subfield code="u">http://cbsr.ucr.edu</subfield></datafield><datafield ind1=" " ind2=" " tag="588"><subfield code="a">Description based on: Vol. 45, no. 17 (July 6, 1983).</subfield></datafield><datafield ind1=" " ind2="0" tag="651"><subfield code="a">Toluca Lake (Los Angeles, Calif.)</subfield><subfield code="v">Newspapers.</subfield></datafield><datafield ind1=" " ind2="0" tag="651"><subfield code="a">North Hollywood (Los Angeles, Calif.)</subfield><subfield code="v">Newspapers.</subfield></datafield><datafield ind1=" " ind2="0" tag="651"><subfield code="a">San Fernando Valley (Calif.)</subfield><subfield code="v">Newspapers.</subfield></datafield><datafield ind1=" " ind2="7" tag="655"><subfield code="a">Newspapers.</subfield><subfield code="2">fast</subfield><subfield code="0">(OCoLC)fst01423814</subfield></datafield><datafield ind1=" " ind2="7" tag="651"><subfield code="a">California</subfield><subfield code="z">Los Angeles</subfield><subfield code="z">North Hollywood.</subfield><subfield code="2">fast</subfield><subfield code="0">(OCoLC)fst01314492</subfield></datafield><datafield ind1=" " ind2="7" tag="651"><subfield code="a">California</subfield><subfield code="z">Los Angeles</subfield><subfield code="z">Toluca Lake.</subfield><subfield code="2">fast</subfield><subfield code="0">(OCoLC)fst01321834</subfield></datafield><datafield ind1=" " ind2="7" tag="651"><subfield code="a">California</subfield><subfield code="z">San Fernando Valley.</subfield><subfield code="2">fast</subfield><subfield code="0">(OCoLC)fst01242395</subfield></datafield><datafield ind1=" " ind2=" " tag="752"><subfield code="a">United States</subfield><subfield code="b">California</subfield><subfield code="c">Los Angeles</subfield><subfield code="d">Toluca Lake.</subfield></datafield><datafield ind1="0" ind2="7" tag="785"><subfield code="t">Canyon crier news</subfield><subfield code="w">(DLC)sn 84009862</subfield></datafield><datafield ind1="0" ind2="7" tag="785"><subfield code="t">Tolucan and canyon crier news</subfield><subfield code="w">(DLC)sn2011271177</subfield></datafield></record>